<record><leader>00000cas a22000007a 4500</leader><controlfield tag="001">2265752</controlfield><controlfield tag="008">760620d19391948pauwr ne      0    0eng d</controlfield><controlfield tag="009">54</controlfield><datafield ind1=" " ind2=" " tag="010"><subfield code="a">sn 85054783 </subfield></datafield><datafield ind1=" " ind2=" " tag="040"><subfield code="a">PIT</subfield><subfield code="b">eng</subfield><subfield code="c">PIT</subfield><subfield code="d">NPH</subfield></datafield><datafield ind1="1" ind2=" " tag="029"><subfield code="a">AU@</subfield><subfield code="b">000025801213</subfield></datafield><datafield ind1=" " ind2=" " tag="042"><subfield code="a">msc</subfield></datafield><datafield ind1="0" ind2=" " tag="130"><subfield code="a">Pleasant Hills patriot (Pleasant Hills, Pa.)</subfield></datafield><datafield ind1="0" ind2="4" tag="245"><subfield code="a">The Pleasant Hills patriot.</subfield></datafield><datafield ind1=" " ind2=" " tag="260"><subfield code="a">Pleasant Hills, Pa. :</subfield><subfield code="b">William Wise,</subfield><subfield code="c">1939-1948.</subfield></datafield><datafield ind1=" " ind2=" " tag="300"><subfield code="a">v. :</subfield><subfield code="b">ill. ;</subfield><subfield code="c">28-44 cm.</subfield></datafield><datafield ind1=" " ind2=" " tag="310"><subfield code="a">Weekly</subfield></datafield><datafield ind1="0" ind2=" " tag="362"><subfield code="a">Vol. 1, no. 1 (Nov. 19, 1939)-v. 9, no. 39 (Nov. 19, 1948).</subfield></datafield><datafield ind1=" " ind2=" " tag="500"><subfield code="a">"Serving Pleasant Hills, Jefferson, Baldwin, Brentwood, Willock, Broughton, Mifflin and many other communities," &lt;1943&gt;.</subfield></datafield><datafield ind1=" " ind2=" " tag="500"><subfield code="a">Published in Pittsburgh, Aug. 25, 1944-Nov. 19, 1948.</subfield></datafield><datafield ind1=" " ind2=" " tag="752"><subfield code="a">United States</subfield><subfield code="b">Pennsylvania</subfield><subfield code="c">Allegheny</subfield><subfield code="d">Pleasant Hills.</subfield></datafield><datafield ind1=" " ind2=" " tag="752"><subfield code="a">United States</subfield><subfield code="b">Pennsylvania</subfield><subfield code="c">Allegheny</subfield><subfield code="d">Pittsburgh.</subfield></datafield><datafield ind1="0" ind2="0" tag="785"><subfield code="t">South Hills patriot and the Pleasant Hills patriot</subfield><subfield code="w">(DLC)sn 88079350</subfield></datafield></record>